@misc{abadi-2015,
    title = {TensorFlow: Large-Scale Machine Learning on Heterogeneous Distributed Systems},
    author  = {Martin Abadi and Ashish Agarwal and Paul Barham and Eugene Brevdo and Zhifeng Chen and Craig Citro and Greg Corrado and Andy Davis and Jeffrey Dean and Matthieu Devin and Sanjay Ghemawat and Ian Goodfellow and Andrew Harp and Geoffrey Irving and Michael Isard and Yangqing Jia and Rafal Jozefowicz and Lukasz Kaiser and Manjunath Kudlur and Josh Levenberg and Dan Mané and Rajat Monga and Sherry Moore and Derek Murray and Chris Olah and Mike Schuster and Jonathon Shlens and Benoit Steiner and Ilya Sutskever and Kunal Talwar and Paul Tucker and Vincent Vanhoucke and Vijay Vasudevan and Fernanda Viégas and Oriol Vinyals and Pete Warden and Martin Wattenberg and Martin Wicke and Yuan Yu and Xiaoqiang Zheng},
    year  = 2015,
    URL = {http://download.tensorflow.org/paper/whitepaper2015.pdf}
}

@inproceedings{anguita-2013,
  title={A Public Domain Dataset for Human Activity Recognition using Smartphones},
  author={Davide Anguita and Alessandro Ghio and Luca Oneto and Xavier Parra and Jorge Luis Reyes-Ortiz},
  booktitle={ESANN},
  year={2013}
}

@article{bergstra-2015,
 author = {James Bergstra and Yoshua Bengio},
 title = {Random Search for Hyper-parameter Optimization},
 journal = {J. Mach. Learn. Res.},
 issue_date = {3/1/2012},
 volume = {13},
 year = {2012},
 pages = {281--305},
 numpages = {25},
 acmid = {2188395},
 publisher = {JMLR.org},
 keywords = {deep learning, global optimization, model selection, neural networks, response surface modeling},
} 

@article{Chiang-201413,
    title = "Pattern analysis in daily physical activity data for personal health management ",
    journal = "Pervasive and Mobile Computing ",
    volume = "13",
    number = "",
    pages = "13 - 25",
    year = "2014",
    note = "",
    author = "Jung-Hsien Chiang and Pei-Ching Yang and Hsuan Tu",
    keywords = "Pattern recognition",
    keywords = "Daily activity habits",
    keywords = "Personal health management",
    keywords = "Health care ",
}

@article{Dauphin-2015,
    author    = {Yann N. Dauphin and
                Harm de Vries and
                Junyoung Chung and
                Yoshua Bengio},
    title     = {RMSProp and equilibrated adaptive learning rates for non-convex optimization},
    journal   = {CoRR},
    volume    = {abs/1502.04390},
    year      = {2015},
    timestamp = {Wed, 07 Jun 2017 14:41:49 +0200},
    biburl    = {http://dblp.uni-trier.de/rec/bib/journals/corr/DauphinVCB15},
    bibsource = {dblp computer science bibliography, http://dblp.org}
}

@book{Goodfellow-2016,
    title={Deep Learning},
    author={Ian Goodfellow and Yoshua Bengio and Aaron Courville},
    publisher={MIT Press},
    year={2016}
}

@book{graves-2012,
  title={Supervised sequence labelling},
  author={Graves, Alex},
  title={Supervised Sequence Labelling with Recurrent Neural Networks},
  year={2012},
  publisher={Springer}
}

@inproceedings{he-2008, 
    author={Zhen-Yu He and Lian-Wen Jin}, 
    booktitle={2008 International Conference on Machine Learning and Cybernetics}, 
    title={Activity recognition from acceleration data using AR model representation and SVM}, 
    year={2008}, 
    volume={4}, 
    pages={2245-2250}, 
    keywords={autoregressive processes;feature extraction;image classification;support vector machines;time series;acceleration data;autoregressive model;feature extraction;human activity classification;human activity recognition;support vector machine;time series;Acceleration;Accelerometers;Data mining;Feature extraction;Humans;Legged locomotion;Machine learning;Pattern recognition;Support vector machine classification;Support vector machines;Activity recognition;Autoregressive model;Feature extraction;SVM;Tri-axial accelerometer data}, 
    month={July},
}

@article{khan-2010, 
    author={A. M. Khan and Y. K. Lee and S. Y. Lee and T. S. Kim}, 
    journal={IEEE Transactions on Information Technology in Biomedicine}, 
    title={A Triaxial Accelerometer-Based Physical-Activity Recognition via Augmented-Signal Features and a Hierarchical Recognizer}, 
    year={2010}, 
    volume={14}, 
    number={5}, 
    pages={1166-1172}, 
    keywords={acceleration measurement;accelerometers;autoregressive processes;biomechanics;biomedical measurement;body sensor networks;medical signal processing;neural nets;statistical analysis;artificial neural nets;augmented feature vector;augmented signal features;autoregressive modeling;hierarchical recognizer;linear discriminant analysis;physical activity recognition;signal-magnitude area;statistical signal features;tilt angle;triaxial accelerometer;wearable sensors;Accelerometer;artificial-neural nets (ANNs);autoregressive (AR) modeling;human-activity recognition;Acceleration;Adult;Discriminant Analysis;Female;Humans;Male;Monitoring, Ambulatory;Motor Activity;Neural Networks (Computer);Normal Distribution;Regression Analysis;Signal Processing, Computer-Assisted}, 
    month={Sept},
}

@book{milette-2012,
    title={Professional Android Sensor Programming},
    author={Greg Milette and Adam Stroud},
    publisher={John Wiley & Sons},
    address={Indianapolis},
    year={2016}
}

@book{nielsen-2015,
    title={Neural Networks and Deep Learning},
    author={Michael A. Nielsen},
    publisher={Determination Press},
    year={2015}
}

@misc{olah-2015,
  title = {Understanding LSTM Networks},
  author={Christopher Olah},
  howpublished = {\url{http://colah.github.io/posts/2015-08-Understanding-LSTMs/}},
  note = {Diakses pada: 23-04-2017},
  year={2015}
}


@article{ordonez-2016,
    author = {Ordonez, Francisco Javier and Roggen},
    title = {Deep Convolutional and LSTM Recurrent Neural Networks for Multimodal Wearable Activity Recognition},
    journal = {Sensors},
    volume = {16},
    year = {2016},
    number = {1},
    PubMedID = {26797612},
}

@inproceedings{roggen-2010, 
    author={D. Roggen and A. Calatroni and M. Rossi and T. Holleczek and K. Förster and G. Tröster and P. Lukowicz and D. Bannach and G. Pirkl and A. Ferscha and J. Doppler and C. Holzmann and M. Kurz and G. Holl and R. Chavarriaga and H. Sagha and H. Bayati and M. Creatura and J. d. R. Millàn}, 
    booktitle={2010 Seventh International Conference on Networked Sensing Systems (INSS)}, 
    title={Collecting complex activity datasets in highly rich networked sensor environments}, 
    year={2010}, 
    pages={233-240}, 
    keywords={data acquisition;human factors;learning (artificial intelligence);pattern recognition;synchronisation;ubiquitous computing;wireless sensor networks;complex activity dataset;data acquisition;data synchronization;heterogeneous networked sensor system;human activity;machine learning technique;machine recognition;sensor data;wired networked sensor system;wireless networked sensor system;Artificial intelligence;Bismuth;Bluetooth;Electrocardiography;Humidity;Lead;Microphones;Activity recognition dataset;Human behavior recognition;Machine learning;Pattern classification;Ubiquitous computing;Wearable computing}, 
    month={June},
}

@book{Russell:2009:AIM:1671238,
 author = {Russell, Stuart and Norvig, Peter},
 title = {Artificial Intelligence: A Modern Approach},
 year = {2009},
 edition = {3rd},
 publisher = {Prentice Hall Press},
 address = {Upper Saddle River, NJ, USA},
}

@inproceedings{shoaib-2013, 
    author={M. Shoaib and H. Scholten and P. J. M. Havinga}, 
    booktitle={2013 IEEE 10th International Conference on Ubiquitous Intelligence and Computing and 2013 IEEE 10th International Conference on Autonomic and Trusted Computing}, 
    title={Towards Physical Activity Recognition Using Smartphone Sensors}, 
    year={2013}, 
    pages={80-87}, 
    keywords={accelerometers;gyroscopes;magnetometers;pattern classification;sensors;smart phones;data-collection app;data-set app;gyroscope;magnetometer;physical activity recognition;smartphone accelerometer;smartphone sensor;training classifier;Accelerometers;Accuracy;Gyroscopes;Legged locomotion;Magnetic sensors;Magnetometers;accelermeter;activity recognition;assisted living;gyroscope;health monitoring;magnetometer;sensor fusion;smartphone sensors;well-being applications},  
    month={Dec}
}

@article{shoaib-2014,
    author = {M. Shoaib and S. Bosch and O. D. Incel and H. Scholten and P. J. M. Havinga},
    title = {Fusion of Smartphone Motion Sensors for Physical Activity Recognition},
    journal = {Sensors},
    volume = {14},
    year = {2014},
    number = {6},
    pages = {10146--10176},
    PubMedID = {24919015},
}

@inproceedings{tapia-2007, 
    author={E. M. Tapia and S. S. Intille and W. Haskell and K. Larson and J. Wright and A. King and R. Friedman}, 
    booktitle={2007 11th IEEE International Symposium on Wearable Computers}, 
    title={Real-Time Recognition of Physical Activities and Their Intensities Using Wireless Accelerometers and a Heart Rate Monitor}, 
    year={2007}, 
    pages={37-40}, 
    keywords={accelerometers;biomedical measurement;biomedical transducers;cardiology;medical computing;microcomputer applications;mobile computing;patient monitoring;wearable computers;automatic physical activity recognition;real-time recognition;subject-dependent training;subject-independent training;wearable accelerometers;wireless accelerometers;wireless heart rate monitor;Accelerometers;Biomedical monitoring;Computerized monitoring;Heart rate;Heart rate measurement;Hip;Legged locomotion;Pulse measurements;Testing;Wireless sensor networks},  
    month={Oct},
}

@inproceedings{vavoulas-2016, 
    author={G. Vavoulas and C. Chatzaki and T. Malliotakis and M. Pediaditis and M. Tsiknakis}, 
    booktitle={2016 International Conference on Information and Communication Technologies for Ageing Well and e-Health}, 
    title={The MobiAct Dataset: Recognition of Activities of Daily Living using Smartphones}, 
    year={2016}, 
    pages={143-151},
}

@article{wang-2016, 
    author={A. Wang and G. Chen and J. Yang and S. Zhao and C. Y. Chang}, 
    journal={IEEE Sensors Journal}, 
    title={A Comparative Study on Human Activity Recognition Using Inertial Sensors in a Smartphone}, 
    year={2016}, 
    volume={16}, 
    number={11}, 
    pages={4566-4578}, 
    keywords={accelerometers;biomedical equipment;biomedical telemetry;feature selection;gyroscopes;smart phones;accelerometer data;ambient-assisted living systems;feature selection approach;gyroscope data;human activity recognition;low-level sensor data;online activity recognizer;real-world activity recognition;smartphone power consumption;smartphone-embedded inertial sensors;triaxial accelerometer;triaxial gyroscope;Acceleration;Accelerometers;Biomedical monitoring;Gyroscopes;Legged locomotion;Sensor systems and applications;Activity recognition;accelerometer;ccelerometer;feature selection;gyroscope;smartphone}, 
    month={June}
}

@inproceedings{zhang-2015, 
    author={L. Zhang and X. Wu and D. Luo}, 
    booktitle={2015 IEEE 12th Intl Conf on Ubiquitous Intelligence and Computing and 2015 IEEE 12th Intl Conf on Autonomic and Trusted Computing and 2015 IEEE 15th Intl Conf on Scalable Computing and Communications and Its Associated Workshops (UIC-ATC-ScalCom)}, 
    title={Real-Time Activity Recognition on Smartphones Using Deep Neural Networks}, 
    year={2015}, 
    pages={1236-1242}, 
    keywords={gesture recognition;image classification;neural nets;Android smartphone;deep neural networks;feature extraction;real-time activity recognition;Accelerometers;Feature extraction;Legged locomotion;Neural networks;Real-time systems;Smart phones;accelerometer;deep neural networks;feature learning;real-time activity recognition;smartphone}, 
    month={Aug},
}
